%Abkuerzungen
%Try to keep things sorted by year
@string{sicomp = "SIAM Journal on Computing"}
@String{acmcs  = "{ACM} Computing Surveys"}
@String{uka    = "Universit{\"a}t Karlsruhe"}
@String{aint   = "Artificial Intelligence"}
@String{cacm   = "Communications of the ACM"}
@String{fgcs   = "Future Generation Computing Systems"}
@String{focs   = "Foundations of Computer Science"}
@String{icpp   = "International Conference on Parallel Processing"}
@String{ipps   = "International Parallel Processing Symposium"}
@String{ijpp   = "International Journal of Parallel Programming"}
@String{jacm   = "Journal of the ACM"}
@String{jpdc   = "Journal of Parallel and Distributed Computing"}
@String{paco   = "Parallel Computing"}
@String{pdpta  = "International Conference on Parallel and Distributed Processing Techniques and Applications"}
@String{tpds   = "IEEE Transactions on Parallel and Distributed Systems"}
@String{pami   = "IEEE Transactions on Pattern Analysis and Machine Intelligence"}
@String{tec     = "IEEE Transactions on Evolutionary Computation"}
@String{ietc   = "IEEE Transactions on Computers"}
@String{ipl    = "Information Processing Letters"}
@String{spaa   = "ACM Symposium on Parallel Architectures and Algorithms"}
@String{stoc   = "ACM Symposium on the Theory of Computing"}

@article{DBLP:journals/jea/MohringSSWW06,
  author       = {Rolf H. M{\"{o}}hring and
                  Heiko Schilling and
                  Birk Sch{\"{u}}tz and
                  Dorothea Wagner and
                  Thomas Willhalm},
  title        = {Partitioning graphs to speedup Dijkstra's algorithm},
  journal      = {{ACM} J. Exp. Algorithmics},
  volume       = {11},
  year         = {2006},
  url          = {https://doi.org/10.1145/1187436.1216585},
  doi          = {10.1145/1187436.1216585},
  timestamp    = {Thu, 25 Jun 2020 21:28:46 +0200},
  biburl       = {https://dblp.org/rec/journals/jea/MohringSSWW06.bib},
  bibsource    = {dblp computer science bibliography, https://dblp.org}
}

@inproceedings{DBLP:conf/wea/SandersS13,
  author       = {Peter Sanders and
                  Christian Schulz},
  editor       = {Vincenzo Bonifaci and
                  Camil Demetrescu and
                  Alberto Marchetti{-}Spaccamela},
  title        = {Think Locally, Act Globally: Highly Balanced Graph Partitioning},
  booktitle    = {Experimental Algorithms, 12th International Symposium, {SEA} 2013,
                  Rome, Italy, June 5-7, 2013. Proceedings},
  series       = {Lecture Notes in Computer Science},
  volume       = {7933},
  pages        = {164--175},
  publisher    = {Springer},
  year         = {2013},
  url          = {https://doi.org/10.1007/978-3-642-38527-8\_16},
  doi          = {10.1007/978-3-642-38527-8\_16},
  timestamp    = {Fri, 27 Dec 2019 21:22:00 +0100},
  biburl       = {https://dblp.org/rec/conf/wea/SandersS13.bib},
  bibsource    = {dblp computer science bibliography, https://dblp.org}
}

@inproceedings{DBLP:conf/wea/GrossmannS0S23,
  author       = {Ernestine Gro{\ss}mann and
                  Jonas Sauer and
                  Christian Schulz and
                  Patrick Steil},
  editor       = {Loukas Georgiadis},
  title        = {Arc-Flags Meet Trip-Based Public Transit Routing},
  booktitle    = {21st International Symposium on Experimental Algorithms, {SEA} 2023,
                  July 24-26, 2023, Barcelona, Spain},
  series       = {LIPIcs},
  volume       = {265},
  pages        = {16:1--16:18},
  publisher    = {Schloss Dagstuhl - Leibniz-Zentrum f{\"{u}}r Informatik},
  year         = {2023},
  url          = {https://doi.org/10.4230/LIPIcs.SEA.2023.16},
  doi          = {10.4230/LIPIcs.SEA.2023.16},
  timestamp    = {Thu, 20 Jul 2023 16:45:52 +0200},
  biburl       = {https://dblp.org/rec/conf/wea/GrossmannS0S23.bib},
  bibsource    = {dblp computer science bibliography, https://dblp.org}
}

@incollection{DBLP:books/mc/22/Dijkstra22a,
  author       = {Edsger W. Dijkstra},
  editor       = {Krzysztof R. Apt and
                  Tony Hoare},
  title        = {A Note on Two Problems in Connexion with Graphs},
  booktitle    = {Edsger Wybe Dijkstra: His Life, Work, and Legacy},
  pages        = {287--290},
  publisher    = {{ACM} / Morgan {\&} Claypool},
  year         = {2022},
  url          = {https://doi.org/10.1145/3544585.3544600},
  doi          = {10.1145/3544585.3544600},
  timestamp    = {Fri, 15 Jul 2022 10:31:05 +0200},
  biburl       = {https://dblp.org/rec/books/mc/22/Dijkstra22a.bib},
  bibsource    = {dblp computer science bibliography, https://dblp.org}
}

@article{DBLP:journals/sigart/HartNR72,
  author       = {Peter E. Hart and
                  Nils J. Nilsson and
                  Bertram Raphael},
  title        = {Correction to "A Formal Basis for the Heuristic Determination of Minimum
                  Cost Paths"},
  journal      = {{SIGART} Newsl.},
  volume       = {37},
  pages        = {28--29},
  year         = {1972},
  url          = {https://doi.org/10.1145/1056777.1056779},
  doi          = {10.1145/1056777.1056779},
  timestamp    = {Tue, 19 May 2020 15:56:12 +0200},
  biburl       = {https://dblp.org/rec/journals/sigart/HartNR72.bib},
  bibsource    = {dblp computer science bibliography, https://dblp.org}
}
